<?xml version="1.0" encoding="UTF-8"?><collection xmlns="http://www.loc.gov/MARC21/slim"><record><leader>00634nam--2200193-i-4500</leader><controlfield tag="001">000014300</controlfield><controlfield tag="002">20161230</controlfield><controlfield tag="005">20170118220504</controlfield><controlfield tag="008">060222s1000------------r-----000-0-eng-d</controlfield><datafield ind1=" " ind2=" " tag="040"><subfield code="a">IFIN-HH</subfield></datafield><datafield ind1=" " ind2=" " tag="080"><subfield code="a">53</subfield></datafield><datafield ind1="1" ind2=" " tag="100"><subfield code="a">Koenig, L. A</subfield></datafield><datafield ind1="1" ind2="0" tag="245"><subfield code="a">1960 Nuclear Data Tables Part 2. Consistent Set of Energies Liberated in Nuclear Reactions. I. Targets in the Mass Region 67 &lt; A &lt; 199</subfield><subfield code="c">L.A. Koenig, J.H.E. Mattauch, A.H. Wapstra</subfield></datafield><datafield ind1=" " ind2=" " tag="260"><subfield code="a">Washington</subfield><subfield code="b">National Acadmy of Sciences</subfield><subfield code="c">1961</subfield></datafield><datafield ind1=" " ind2=" " tag="300"><subfield code="a">XII+456 p</subfield></datafield><datafield ind1=" " ind2=" " tag="490"><subfield code="a">mattauch, J.H.E</subfield></datafield><datafield ind1="1" ind2=" " tag="700"><subfield code="a">Wapstra, A. H</subfield></datafield><datafield ind1=" " ind2=" " tag="852"><subfield code="a">17710</subfield><subfield code="c">53.081</subfield></datafield><datafield ind1=" " ind2=" " tag="CAT"><subfield code="a">SYS</subfield><subfield code="c">20170118</subfield><subfield code="h">220504</subfield></datafield></record></collection>